
@inproceedings {foote2013,
  title = {tf: The transform library},
  booktitle = {Technologies for Practical Robot Applications (TePRA), 2013 IEEE International Conference on},
  series = {Open-Source Software workshop},
  year = {2013},
  month={April}, 
  pages={1-6}, 
  author = {Foote, Tully},
  doi={10.1109/TePRA.2013.6556373}, 
  ISSN={2325-0526}
}

@inproceedings{quigley2009,
  title={ROS: an open-source Robot Operating System},
  author={Quigley, Morgan and Conley, Ken and Gerkey, Brian and Faust, Josh and Foote, Tully and Leibs, Jeremy and Wheeler, Rob and Ng, Andrew},
  booktitle={ICRA workshop on open source software},
  volume={3},
  pages={5},
  year={2009}
}

@inproceedings{orocos2001,
  title={Open robot control software: the OROCOS project},
  author={H. Bruyninckx}, 
  booktitle={Robotics and Automation, 2001. Proceedings 2001 ICRA. IEEE International Conference on}, 
  year={2001}, 
  volume={3}, 
  pages={2523-2528 vol.3}
}

@book{craig1989,
 author = {Craig, John J.},
 title = {Introduction to Robotics: Mechanics and Control},
 year = {1989},
 isbn = {0201095289},
 edition = {2nd},
 publisher = {Addison-Wesley Longman Publishing Co., Inc.},
 address = {Boston, MA, USA}
}

@phdthesis{diankov2010,
  title = {Automated Construction of Robotic Manipulation Programs},
  school = {Carnegie Mellon University},
  author = {Diankov, Rosen},
  year = {2010}
}

@mastersthesis{gier2015,
  author = {M. R. de Gier},
  title = {Control of a robotic arm: Application to on-surface 3D-printing},
  school = {Delft University of Technology},
  address = {Faculty of Mechanical, Maritime and Materials Engineering},
  year = {2015},
}

@inproceedings{liu2015, 
  author={Z. Liu and N. Liu and T. Zhang and L. Cui and H. Li}, 
  booktitle={Information and Automation, 2015 IEEE International Conference on}, 
  title={EtherCAT based robot modular joint controller}, 
  year={2015}, 
  pages={1708-1713},
  month={Aug},
}

@inproceedings{davis1992, 
  author={L. E. Davis and H. H. Moghbelli and A. Ahmed}, 
  booktitle={Industry Applications Society Annual Meeting, 1992., Conference Record of the   1992 IEEE}, 
  title={Microprocessor control of DC motor drives}, 
  year={1992}, 
  pages={1782-1786 vol.2},
  month={Oct},
}

@techreport{cole2007,
  author =  {Cole, Luke and Ferenc, Adam and Symonds, Jonathan},
  title = {Drawing using the Scorbot-ER VII Manipulator},
  institution = {Australian National University},
  year = {2007},
  month = {Oct},
}

@phdthesis{vistein2015,
  title = {Embedding Real-Time Critical Robotics Applications in an Object-Oriented Language},
  school = {Universität Augsburg},
  author = {Vistein, Michael},
  year = {2015}
}

@techreport{outon2013,
  author =  {Outón, Luis},
  title = {Software de Control Desarrollado en ROS para Teleoperar de Manera Eficiente el Robot KUKA Lightweight mediante el Háptico Phantom Omni},
  institution = {Universidad de País Vasco},
  year = {2013},
  month = {Jul},
}

@mastersthesis{beckman2007,
  author = {Beckman, John},
  title = {The PHANTOM Omni as an under-actuated robot},
  school = {Iowa State University},
  year = {2007},
}

@techreport{predescu2015,
  author =  {Predescu, Laurentiu and Stroe, Ion},
  title = {On the kinematics of the Scorbot ER-VII robot},
  institution = {University Politehnica of Bucharest},
  year = {2015},
}


@techreport{scorbot1998,
  author =  {Eshed Robotec},
  institution = {{}},
  title = {User’s Manual SCORBOT-ER VII},
  number = {100017},
  year = {1998},
}

@techreport{vargas2006,
  author =  {Vargas, Luis},
  institution = {Universidad de Chile},
  title = {Apunte máquinas de corriente continua},
  year = {2006},
}


@book{handbook,
 author = {Siciliano, Bruno and Khatib, Oussama},
 title = {Springer Handbook of Robotics},
 year = {2007},
 isbn = {354023957X},
 publisher = {Springer-Verlag New York, Inc.},
 address = {Secaucus, NJ, USA},
}

@book{mohan,
 author = {Mohan, Ned and Undeland, Tore M.},
 title = {Electrónica de porencia, convertidores, aplicaciones y diseño},
 year = {2009},
 edition = {3nd},
 publisher = {McGraw Hill}
}

@misc{sofofa,
  author = {{Sociedad de Fomento Fabril} (SOFOFA)},
  title = {Estructura de la Industria},
  year = 2015,
  url = {http://web.sofofa.cl/informacion-economica/indicadores-economicos/estructura-de-la-industria/},
  urldate = {2017-01-03}
}

@book{practical_pid,
  doi = {10.1007/1-84628-586-0},
  author = {Antonio Visioli},
  url = {https://doi.org/10.1007/1-84628-586-0},
  year  = {2006},
  publisher = {Springer London},
  title = {Practical {PID} Control}
}

@book{oppenheim2009,
  Author = {Alan V. Oppenheim and Ronald W. Schafer},
  Title = {Discrete-Time Signal Processing (3rd Edition) (Prentice-Hall Signal Processing Series)},
  Publisher = {Pearson},
  Year = {2009},
  ISBN = {0131988425},
}

@manual{infineonTLI4970,
    organization = {Infineon Technologies AG},
    title  = {Miniature coreless magnetic current sensor for AC and DC measurements with digital interface and fast overcurrent detectionr},
    number = {TLI4970},
    year =  {2016},
    month = {6},
    note = {Rev. 1.1}
}

@misc{kinova,
  author = {Kinova robotics},
  title = {\textit{kinova-ros}},
  journal = {GitHub repository},
  publisher = {GitHub},
  howpublished = {\url{https://github.com/Kinovarobotics/kinova-ros}}
}

@misc{rosaria,
  author = {Adept Robotics},
  title = {\textit{rosaria}},
  journal = {GitHub repository},
  publisher = {GitHub},
  howpublished = {\url{https://github.com/amor-ros-pkg/rosaria}}
}

@misc{soem,
  author = {Open EtherCAT Society},
  title = {Simple Open Source EtherCAT Master},
  journal = {GitHub repository},
  publisher = {GitHub},
  howpublished = {\url{https://github.com/OpenEtherCATsociety/SOEM}}
}

@misc{phantom_git,
  author = {Francisco Suárez Ruiz},
  title = {Phantom Omni ROS driver},
  journal = {GitHub repository},
  publisher = {GitHub},
  howpublished = {\url{https://github.com/fsuarez6/phantom_omni}}
}

@misc{sw_urdf,
  author = {Stephen Brawner},
  title = {SolidWorks to URDF Exporter},
  journal = {ROS packages},
  howpublished = {\url{http://wiki.ros.org/sw_urdf_exporter}}
}

@mastersthesis{david,
  author = {Valenzuela, David},
  title = {Sistema de teleoperacion basado en interfaz haptica para brazo robotico},
  school = {Universidad de Chile},
  year = {2016},
}

@book{finn,
  title = {Advanced Dynamics and Control},
  author = {Finn Haugen},
  year  = {2012},
  publisher = {TechTeach},
  pages = {99-104}
}




